<record><leader>00000cas a22000007a 4500</leader><controlfield tag="001">19650516</controlfield><controlfield tag="008">890503d19261927mouir ne      0    0eng d</controlfield><datafield ind1=" " ind2=" " tag="010"><subfield code="a">sn 89066115 </subfield></datafield><datafield ind1=" " ind2=" " tag="040"><subfield code="a">MQN</subfield><subfield code="b">eng</subfield><subfield code="c">MQN</subfield><subfield code="d">OCLCQ</subfield></datafield><datafield ind1=" " ind2=" " tag="042"><subfield code="a">msc</subfield></datafield><datafield ind1="0" ind2=" " tag="130"><subfield code="a">Linn County budget (Brookfield, Mo. : 1926)</subfield></datafield><datafield ind1="1" ind2="0" tag="245"><subfield code="a">Linn County budget.</subfield></datafield><datafield ind1=" " ind2=" " tag="260"><subfield code="a">Brookfield, Mo. :</subfield><subfield code="b">J.D. Mendenhall &amp; Nellie E. Hannan,</subfield><subfield code="c">1926-1927.</subfield></datafield><datafield ind1=" " ind2=" " tag="300"><subfield code="a">v.</subfield></datafield><datafield ind1=" " ind2=" " tag="310"><subfield code="a">Triweekly</subfield></datafield><datafield ind1="0" ind2=" " tag="362"><subfield code="a">Vol. 31, no. 261 (Oct. 15, 1926)-v. 32, no. 10 (Jan. 24, 1927).</subfield></datafield><datafield ind1=" " ind2=" " tag="752"><subfield code="a">United States</subfield><subfield code="b">Missouri</subfield><subfield code="c">Linn</subfield><subfield code="d">Brookfield.</subfield></datafield><datafield ind1="0" ind2="0" tag="780"><subfield code="t">Linn County daily budget</subfield><subfield code="w">(DLC)sn 86063283</subfield></datafield><datafield ind1="0" ind2="7" tag="785"><subfield code="t">Brookfield gazette</subfield><subfield code="w">(DLC)sn 85033835</subfield></datafield><datafield ind1="0" ind2="7" tag="785"><subfield code="t">Linn County budget-gazette</subfield><subfield code="w">(DLC)sn 89066116</subfield></datafield></record>